3281 4478
491 260 586 332 70
1215 234 1298 309 Η
1396 234 1479 346 ol
1561 233 1635 308 R
1732 221 2002 324 τυ,
2072 238 2121 313 s

1662 506 1666 510 ,
2521 431 2733 518 Stet.
2754 427 2889 514 Vl.

734 611 737 612 f
792 520 1064 597 Crimen
1077 578 1101 615 ‚
1120 529 1137 544 ⁴
1153 523 1479 625 scelusque
1536 526 1758 601 notius
1773 583 1796 617 ,

774 618 993 721 -Quod
1042 641 1457 717 perpetretur
1506 622 1777 725 saepiuS.

652 790 670 798 ,
790 717 906 789 De
953 717 1173 790 cordis
1222 719 1380 795 illud
1430 719 1683 793 intimis

788 812 1242 909 Exposcerem
1290 817 1673 907 receffibus,

785 910 922 999 Ut,
974 912 1088 1013 qui
1137 911 1399 987 student
1448 914 1795 989 calumniis
1822 968 1845 1002 ,

706 1035 711 1036 ἢ
788 1005 902 1080 Ab
956 1012 1191 1084 arbore
1239 1013 1437 1083 ambo
1486 1010 1860 1103 pendeant,

789 1101 926 1206 Qu·
976 1106 1224 1200 gestat,
1277 1127 1396 1176 ore
1443 1105 1748 1200 penfilis‚

784 1200 922 1295 Qui
972 1218 1234 1296 captat,
1284 1222 1439 1273 aure
1485 1201 1740 1280 nexilis.

781 1297 1105 1398 Quamvis
1153 1296 1334 1369 enim
1382 1298 1731 1371 mendacia

781 1392 1082 1465 Curanda
1126 1415 1265 1467 non
1318 1393 1443 1469 fint
1489 1395 1726 1489 anxie,

778 1491 1000 1562 Vetus
1051 1508 1275 1562 tamen
1321 1490 1670 1565 dicterium
1721 1489 1817 1565 est
1831 1546 1858 1584 ‚

778 1585 979 1688 Quod
1029 1610 1148 1659 ore
1194 1586 1451 1683 semper
1499 1588 1766 1685 gestitat

774 1683 1250 1757 Calumniatrix
1291 1686 1586 1775 turbula,
1638 1741 1644 1744 .

771 1783 1161 1877 Locumque
1212 1782 1405 1877 saepe
1452 1783 1784 1880 repperit:

756 1880 1151 1952 *Calumniare
1196 1877 1462 1975 strenue.

769 1975 843 2046 Si
888 1998 1027 2046 non
1078 1980 1418 2049 nocebunt
1468 1976 1753 2067 omnia‘,
1879 1993 1890 1998 ’

766 2071 1014 2148 Saltem
1063 2074 1403 2145 nocebunt
1451 2074 1780 2166 pleraque.

572 2334 895 2431 Perverstze
944 2332 1244 2433 Jzfftiae
1287 2266 1576 2431 inssrsptio
1591 2386 1612 2420 ,
1643 2329 1934 2429 sulm-ivri
1989 2333 2298 2404 contraria.

472 2489 665 2591 Quae
710 2508 788 2559 tu
813 2492 848 2560 ‘3
900 2488 1182 2583 Justitia.
1286 2491 1377 2565 Et
1427 2513 1544 2563 cur
1595 2490 1839 2563 blando
1888 2489 2186 2560 lumine?
2246 2485 2481 2562 flestor

550 2585 869 2657 ‚Protinus
915 2583 1070 2656 ante
1120 2607 1392 2675 omnes,
1445 2609 1584 2657 non
1638 2608 1840 2679 prece
1858 2637 1884 2674 ,
1936 2584 2047 2657 sed
2090 2585 2329 2678 pretio.

468 2679 669 2785 Quod
767 2705 924 2755 enus
952 2684 986 2753 2
1039 2681 1080 2753 ἐι
1132 2680 1342 2754 terris.
1446 2682 1604 2781 Quo
1658 2684 1893 2777 patre?
1948 2680 2126 2754 dolo,
2233 2680 2434 2756 Unde
2484 2690 2756 2762 creata?

560 2779 672 2853 Ex
743 2804 852 2876 pe.
956 2777 1152 2883 Quae
1198 2779 1425 2852 nutrix
1453 2782 1490 2852 2
1539 2803 1737 2852 aurea
1786 2778 2115 2851 materieS.

461 2873 633 2980 Quis
678 2876 938 2973 gremio
987 2876 1313 2950 infantem
1364 2896 1433 2950 te
1484 2877 1708 2974 fovit?
1759 2876 1992 2972 opinio
2042 2875 2280 2949 famae.

558 2973 716 3078 Quo
764 2974 970 3047 modo
1023 2974 1368 3071 cognoscis
1414 2976 1696 3049 cri-mina
1713 2976 1747 3045 ‘3
1783 3058 1788 3061 ,
1823 2974 2223 3046 muneribus,

456 3070 595 3142 Cur
643 3070 880 3143 dextra
927 3072 1220 3169 gladium
1274 3071 1522 3170 gestaS‚
1572 3074 1961 3167 lancemque
2006 3069 2308 3143 sinistra?

440 3204 443 3213 2
556 3167 755 3240 Haec
799 3170 1059 3266 peragit
1103 3171 1367 3243 causam
1412 3171 1639 3243 divitis
1674 3195 1696 3253 ς
1762 3169 1868 3241 illa
1916 3167 2157 3262 inopis.

435 3261 642 3367 ‚Quid
691 3266 882 3338 multi
934 3266 1243 3339 adsistunt
1271 3270 1306 3338 ‘3
1401 3268 1567 3340 citat
1618 3267 1731 3336 hic
1760 3320 1780 3354 ‚
1828 3282 2012 3335 tenet
2059 3264 2207 3351 hic,
2253 3262 2415 3358 ligat
2463 3264 2648 3338 alter.

556 3359 750 3465 Quae
801 3364 1092 3435 Comes?
1145 3363 1403 3458 argenti
1449 3363 1730 3435 candida
1786 3359 2207 3454 Simplicitas.
2377 3388 2380 3391 >

452 3455 687 3530 Altera
736 3457 954 3534 *clausa
1009 3458 1132 3533 tibi
1176 3482 1294 3529 cur
1340 3459 1552 3547 auris,
1599 3457 1677 3531 ἃ
1720 3458 1921 3529 altera
1972 3472 2199 3549 aperta
2244 3449 2389 3526 est?

545 3554 744 3628 Haec
793 3575 977 3651 patet
1027 3552 1310 3647 injustis:
1368 3554 1690 3626 clauditur
1739 3555 1847 3625 illa
1897 3553 2104 3625 bonis,

304 3671 311 3675 ·
440 3647 682 3725 Divite
730 3676 847 3723 cur
896 3650 1174 3723 habitu?
1244 3648 1499 3744 semper
1550 3673 1781 3723 manus
1826 3648 2142 3744 adgregat
2184 3666 2448 3723 aurum:
2543 3658 2550 3663 ’

466 3750 475 3755 “
533 3747 607 3819 Si
646 3748 917 3861 nequit,
967 3743 1141 3855 unde
1188 3745 1382 3822 velit:
1447 3746 1766 3842 summit,
1827 3744 2002 3820 unde
2053 3745 2291 3842 potest.
2345 3784 2354 3791 -

2470 3864 2526 3948 S
2550 3871 2609 3948 E
2637 3866 2701 3954 C
2730 3877 2830 3963 T.
