3281 4478
929 185 2462 337 PRAEFAT10.'.A

354 416 361 423 ’
416 427 624 511 ‘Nec
686 421 974 505 timide
1040 418 1350 502 nostros
1411 417 1651 502 ausim
1711 424 2034 533 vulgare
2095 423 2475 520 libellos,

559 542 772 619 Dum
836 559 969 614 tot
1031 538 1510 613 Amicorum
1577 559 1819 614 vexet
1889 538 2260 621 honestus
2319 566 2567 619 amor.

458 653 567 734 Dl
633 645 985 737 faciant,
1050 672 1148 723 ne
1212 671 1362 724 nos
1426 669 1719 750 paenas
1780 676 2176 754 cogamur
2216 651 2290 749 ἃ
2351 652 2589 732 ambo

562 757 946 848 Solvere,
1007 781 1157 838 vos
1219 754 1529 841 laudis,
1592 761 2103 839 credulitatis
2166 776 2365 867 ego!

418 879 558 952 ¹Et
627 870 972 976 quidni,
1040 869 1381 975 Leolor?
1448 866 1861 970 Siquidem
1929 893 2107 948 tota
2169 874 2425 952 libelli
2472 872 2734 957 forma

336 1009 504 1066 non
563 976 1013 1068 sufficeret,
1078 975 1130 1057 si
1176 978 1635 1085 catalogum
1682 976 2057 1060 referrem
2106 985 2530 1075 Virorum,
2596 992 2736 1092 qui

336 1112 657 1203 praeter
703 1094 1151 1195 primariam
1187 1147 1206 1179 ,
1251 1114 1487 1194 quam
1537 1085 2135 1193 profitebantur
2167 1150 2187 1184 ,
2250 1119 2548 1185 artem,
2601 1099 2737 1179 alii

268 1234 277 1247 ²
336 1207 501 1285 alio
544 1258 561 1289 ‚
608 1196 854 1279 'simili
957 1222 1225 1278 tamen
1338 1196 1741 1301 scribendi
1846 1227 2136 1306 genere
2182 1263 2202 1294 ,
2281 1203 2378 1285 δέ
2438 1206 2733 1311 scol-o,

337 1317 702 1421 spartam·
768 1332 1157 1389 ornarunt
1199 1306 1503 1410 ‘suam3
1566 1310 1925 1400 scilicet,
1992 1335 2075 1389 ut
2161 1317 2538 1421 exemplo
2611 1342 2740 1398 tet

335 1428 664 1507 maximi
723 1420 942 1501 illius
1002 1422 1263 1502 PAum
1328 1426 1598 1498 omnia
1660 1419 1736 1499 se
1798 1419 2328 1504 lubentiffime
2394 1425 2736 1533 praesta-

335 1559 520 1616 rent
578 1534 1001 1622 omnibus,
1062 1558 1225 1639 quo
1285 1526 1651 1635 prodesse
1711 1530 2027 1633 possent
2072 1535 2473 1614 omnibus·
2559 1542 2734 1617 Ac-

287 1651 589 1751 cipite
672 1641 1041 1733 idcirco,
1123 1645 1486 1748 quisquis
1564 1638 1754 1718 ades
1833 1642 2172 1731 Leetor,
2255 1644 2497 1726 hosce
2577 1653 2730 1728 otii

293 1763 497 1863 vvmei
574 1751 875 1833 literati
958 1748 1230 1831 foetus
1313 1757 1392 1827 in
1478 1750 1769 1829 bonam
1843 1775 2197 1853 partem,
2262 1781 2347 1834 ut
2412 1757 2737 1861 plenio-

342 1894 505 1948 rem
562 1862 921 1967 ejusdem
987 1866 1491 1967 argumenti,
1555 1857 1605 1935 fi
1685 1861 1969 1937 DEUS
2032 1870 2241 1940 vires
2322 1864 2395 1944 ἃ
2480 1873 2734 1947 vitam

345 1977 691 2064 tribuat,
756 1969 1220 2079 proferendi
1286 1967 1479 2043 mihi
1543 1966 1806 2045 calcar
1887 1965 2174 2057 detur,
2255 1972 2329 2050 &
2389 1979 2727 2056 animus.

457 2085 749 2165 Nullus
830 2103 1146 2167 autem,
1247 2082 1605 2184 opinor,
1686 2102 1921 2182 aegre
1998 2074 2259 2170 feret,
2342 2078 2559 2184 quod
2641 2091 2728 2165 in

266 2222 275 2224 ⁷
347 2199 549 2288 hoc,
630 2193 883 2277 veluti
963 2194 1199 2286 Vitae
1297 2187 1790 2271 Christianae
1873 2188 2438 2296 compendio,
2524 2192 2731 2278 bene

344 2308 594 2392 multa
678 2331 777 2383 ex
861 2304 1134 2381 Poetis
1210 2298 1577 2381 Ethnicis
1659 2296 2130 2379 adduxerim
2184 2360 2204 2392 ‚
2302 2325 2546 2407 atque
2623 2332 2726 2387 ex

346 2417 733 2501 institutis
797 2409 1292 2500 infidelium,
1360 2435 1562 2514 quos
1620 2411 1788 2514 ipsa
1834 2416 2133 2493 veritas
2197 2411 2489 2518 latuit,
2553 2441 2734 2496 erus

344 2532 515 2614 dire
560 2533 906 2625 Juvenes
972 2520 1463 2602 Christianos
1508 2519 2224 2610 sustineam..Dum·
2283 2519 2496 2603 inter
2549 2552 2729 2606 om-

348 2668 491 2723 nes
537 2665 700 2717 non
731 2637 1018 2711 minuti
1067 2637 1357 2738 capitis
1412 2629 1758 2722 constet,
1792 2632 2301 2737 quammulta
2343 2660 2732 2740 praecep-

348 2778 431 2832 ta
495 2743 960 2829 Christianis
1019 2739 1463 2847 digniffima
1529 2740 1826 2821 exinde
1907 2769 2083 2820 cum
2147 2748 2497 2821 maximo
2559 2740 2726 2822 fru-

348 2864 538 2946 estu,
619 2856 689 2936 &
774 2852 1141 2932 neearea
1211 2850 1693 2939 dulcedine,
1770 2851 1864 2927 ad
1930 2861 2174 2933 vitam
2238 2851 2442 2933 bene
2501 2852 2783 2933 insti-‘

347 2967 727 3052 tuendam
791 2964 1452 3066 ducendamque,
1512 2959 1645 3039 sed
1708 2958 1779 3040 ἃ
1841 2966 2191 3040 animum
2255 2967 2472 3053 curis
2530 2962 2724 3043 fati-

344 3103 619 3191 gatum
680 3072 1310 3160 instaurandum,
1361 3070 1882 3149 hauriantur:
1945 3071 2130 3150 dum
2335 3143 2341 3180 Β

574 3191 759 3267 Aut
836 3178 1198 3287 prodeffe
1277 3182 1614 3268 volunt,
1705 3201 1841 3256 aut
1916 3180 2317 3261 delediare
2379 3184 2722 3267 Poetae:

579 3301 762 3375 Aut
822 3290 1045 3370 simul
1106 3285 1584 3392 &jucunda
1649 3285 1720 3370 8<
1782 3286 2072 3370 idonea
2131 3292 2399 3374 dicere
2479 3301 2726 3376 vitae.

467 3405 735 3517 Quid?
801 3400 1024 3508 quod
1086 3403 1175 3482 δι.
1218 3402 1518 3496 Jolmnni
1574 3399 2015 3506 chrysostomo
2090 3402 2724 3508 Aristophanem

352 3526 433 3601 in
495 3517 859 3602 deliciis,
920 3505 1302 3616 atque-in
1369 3510 1730 3588 manibus
1787 3512 2107 3591 adsidue
2167 3510 2436 3601 fuifle‚
2500 3541 2541 3591 a
2584 3520 2732 3592 Vi-

352 3645 460 3709 ris
520 3624 684 3724 fide
745 3620 1069 3728 dignis,
1127 3618 1200 3701 8(
1260 3626 1765 3728 ’Heerovgymum
1806 3678 1826 3710 ‚
1908 3630 1990 3701 in
2055 3627 2338 3701 mediis
2399 3621 2730 3702 Christi-

354 3763 678 3822 anarum
777 3735 1455 3814 exercitationum
1535 3731 2042 3824 intervallis,
2143 3756 2234 3809 ac
2316 3729 2730 3810 subcisivis

2528 3859 2732 3914 tem-
