3281 4478
913 204 2272 286 DEDICA'BIO.

305 453 626 601 Qod
672 454 1157 612 gravitate
1227 489 1549 588 caret,
1637 452 2031 616 prorsus
2086 451 2295 570 fine
2370 453 2880 624 pondere,

319 724 333 741 ,
1015 654 1445 749 munuS,
1981 678 1994 689 «

316 781 336 865 ἱ
459 775 629 885 Fit
675 813 1031 930 grave,
1126 770 1203 885 fi
1258 809 1705 891 mentem
1765 775 2331 932 respiciatis,
2417 816 2687 930 epos.
2781 802 2788 807 ’
2857 806 2872 863 ‘-

309 937 766 1089 Accipite
820 931 1162 1065 Flores
1209 930 1557 1047 sacrati
1612 943 2084 1084 pectoris,
2176 940 2276 1042 in
2332 935 2560 1047 Vos

324 1216 327 1221 ³
455 1088 925 1245 Perpetui
985 1089 1269 1204 studii
1317 1130 1500 1202 ceu
1559 1094 2258 1222 monimenta,
2321 1097 2576 1207 mei!

303 1257 406 1371 Si
468 1249 788 1363 Vossts
868 1248 1325 1401 placeant
1376 1253 1671 1362 animi
1730 1247 2208 1363 libamina
2258 1248 2706 1380 nostri,

465 1402 959 1522 Gratior
935 1443 1036 1515 m
1093 1412 1366 1520 terris
1421 1406 1654 1519 Flos
1711 1403 1959 1518 mihi
2005 1409 2335 1521 nullus
2387 1414 2595 1520 erit.

234 1662 237 1669 ,
307 1573 625 1683 Rarus
679 1567 1062 1694 honOS,
1154 1562 1282 1677 fic
1337 1562 1953 1678 Praefidibus
1999 1564 2087 1677 le
2138 1562 2410 1722 posse
2464 1576 2774 1708 tueri3

436 1732 821 1840 Rarior
866 1724 1005 1837 ast
1053 1723 1439 1887 mult0,
1527 1718 2156 1880 perplacuisse
2197 1723 2422 1837 diu:

303 1851 727 2041 Propter
779 1884 1375 2010 amicitiam,
1428 1921 1629 2038 qua
1682 1923 1846 1996 me
1876 1884 2353 1998 mactastis
2375 1880 2871 2045 adusque,

461 2048 666 2158 Me
720 2039 1014 2154 decus
1062 2052 1160 2153 ὅ(
1216 2037 1585 2188 duplex
1635 2040 1957 2192 gloria
2007 2082 2243 2157 vera
2296 2080 2658 2159 manet.

153 2226 160 2233 ’
311 2202 749 2353 Longius
804 2232 923 2310 ut
976 2237 1192 2312 non
1208 2189 1475 2327 fim,
1527 2235 1843 2356 quam
1912 2237 2158 2412 par,
2235 2202 2465 2319 Vos
2544 2201 2877 2321 cauffa

1012 2353 1531 2489 morandi,

208 2576 218 2588 1
463 2521 823 2634 Verbo
875 2517 1539 2669 complectar,
1626 2516 1867 2673 quid
1922 2559 2148 2632 mea
2218 2518 2536 2634 Musa
2584 2523 2869 2637 velit:

302 2677 762 2834 Scilicet,
825 2713 935 2791 ut
986 2675 1388 2787 Vestrae
1438 2676 1769 2791 Curae
1814 2672 2326 2791 commissa
2396 2678 2869 2825 Iuventus
2961 2714 2972 2722 ·

290 2883 295 2886 “
428 2839 878 2965 ·Verset,
936 2846 1034 2949 ὅ(
1091 2830 1277 2949 hos
1332 2834 1672 2951 Flores
1692 2844 2091 2990 pectore
2118 2838 2472 2950 volvat
2495 2877 2868 2967 ovan33

282 2980 807 3134 Mollibus
858 3033 989 3115 ex
1046 2997 1327 3105 violis
1383 3034 1568 3106 nec
1596 2983 1922 3105 lurida
1975 2998 2314 3105 toxica
2345 3023 2756 3145 carpat,

270 3241 274 3244 -
456 3127 739 3280 Sed,
776 3194 1041 3309 quae
1098 3148 1291 3265 fint
1349 3158 1703 3267 animo
1752 3151 2139 3281 dulcia,
2223 3153 2520 3268 mella
2571 3141 2894 3308 paret,

293 3306 682 3462 Vestro
726 3308 1253 3457 Plaefidio
1336 3307 1482 3451 <11
1563 3310 1810 3463 quid
1860 3329 2194 3518 prece
2261 3305 2537 3466 posse
2588 3337 2904 3466 puta-‘

1008 3470 1345 3609 muri)

456 3632 821 3785 Regia
825 3624 1426 3820 Mula-rum,
1505 3624 1920 3766 florea-t,
1941 3632 2334 3763 alma,
2302 3627 2712 3897 ,ferairtll
2788 3786 2815 3897 l

272 3867 473 3964 ct,
578 3867 601 3928 2
1195 3897 1203 3904 -
1687 3881 1696 3888 -
2293 3929 2300 3936 ι
2715 3824 2783 3896 o
2817 3858 2874 3875 -
