3281 4478
521 273 664 343 150
1092 191 1131 306 J
1231 241 1339 354 H‘3
1409 243 1481 317 Ο
1574 240 1822 316 Ε.Τ
1911 195 1994 315 ιἱ]
2091 244 2138 314 S

1453 534 1459 539 ,
2568 444 2773 517 ster.
2824 441 2915 513 X.

1168 620 1326 714 Ejus
1375 549 1695 715 ἔεξξβατίὸ.
1829 581 1873 599 ⁴¹

522 730 783 852 Invidia
832 775 1237 849 horrendum
1302 772 1669 849 monstrum
1687 832 1706 865 ‚
1763 773 2121 852 saeviffima
2183 775 2418 875 pestis,
2520 854 2525 860 ,

524 874 813 947 Exitiale
858 875 1141 964 malum,
1193 898 1326 970 quo
1376 895 1513 946 non
1562 874 1917 948 violentius
1969 877 2203 951 ullum:

522 971 871 1044 Virtutem
920 970 1317 1067 insequitur,
1369 972 1611 1043 lacerat
1661 973 1831 1043 bene
1880 972 2053 1044 faeta
2071 1029 2093 1063 ‚
2146 975 2487 1070 bonosque
2565 961 2574 967 ”

452 1113 460 1120 -
521 1067 723 1158 Odit,
773 1066 851 1142 &
899 1069 1162 1143 alterius
1202 1067 1453 1161 justum
1502 1065 1881 1159 indignatur
1930 1069 2287 1144 honorem.

1046 1319 1167 1418 Est
1212 1236 1556 1395 torma-um
1576 1292 2023 1418 fiwffmm
2125 1414 2130 1420 q

510 1474 775 1551 Invidia
820 1474 1023 1548 Siculi
1072 1499 1213 1550 non
1256 1477 1579 1551 invenere
1631 1479 1941 1574 Tyranni

510 1572 743 1667 Majus
787 1590 1219 1649 tormentum.

848 1788 917 1863 T
901 1792 1059 1863 rabit
1105 1808 1306 1863 tamen
1356 1719 1636 1883 afflinem
1682 1788 1724 1862 ὰ
1774 1788 2058 1864 mees

510 1946 846 2021 Invidiam
892 1946 1132 2021 Virtus
1178 1947 1441 2043 peperit
1454 2001 1481 2038 ,
1530 1965 1918 2046 partamque
1967 1964 2222 2024 tuetur:

611 2045 721 2118 Ex
769 2042 1020 2115 virtute
1069 2066 1277 2116 unum
1325 2043 1615 2115 nascitur
1662 2045 1813 2132 hoc,
1850 2046 2113 2118 vitium.

508 2139 674 2212 Hoc
719 2138 1152 2235 Epigramma
1201 2139 1324 2213 tibi
1371 2140 1625 2235 quaeris
1679 2143 1797 2211 cur
1845 2142 2084 2214 dedico
2099 2145 2134 2214 ‘2
2182 2141 2432 2215 dicam:

608 2238 891 2334 Sperare
933 2235 1257 2312 invidiam
1298 2260 1459 2311 nam
1505 2235 1631 2313 tibi
1675 2236 1827 2332 jure
1869 2238 2047 2311 licet.

1151 2503 1294 2570 Irae
1333 2410 1701 2596 pffilvhrasts.

502 2654 649 2728 Ora
686 2648 956 2725 'tument
1003 2650 1102 2724 ira
1116 2707 1138 2741 ,
1194 2647 1573 2745 nigrescunt
1623 2645 1938 2743 sanguine
1988 2669 2202 2722 venae
2215 2704 2236 2739 ‚

597 2749 886 2826 Lumina
940 2744 1309 2846 Gorgoneo
1361 2743 1613 2820 saevius
1663 2768 1878 2842 angue
1920 2746 2192 2831 micant.

1138 3009 1297 3103 Ejus
1334 2942 1673 3104 psr'ggrqffus.

503 3220 524 3240 .
720 3219 741 3239 .
936 3218 959 3239 .
1154 3220 1175 3240 .
1376 3219 1395 3238 .
1496 3164 1679 3239 Parit
1727 3162 1826 3233 ira
1871 3130 2199 3233 furorem:

498 3261 763 3356 Turpia
811 3265 1016 3336 verba
1057 3261 1277 3334 furor:
1331 3262 1553 3336 verbis
1606 3283 1692 3333 ex
1738 3258 2033 3351 turpibue
2085 3257 2225 3330 exit

495 3356 706 3435 Rixa:
753 3380 839 3434 ex
887 3358 1016 3432 hac
1063 3358 1275 3432 oritur
1337 3360 1609 3433 vulnus:
1663 3355 1748 3430 de
1797 3353 2070 3467 vulnere
2120 3353 2392 3441 lethum.

907 3573 919 3582 ’
1062 3493 1687 3675 δταῖτὶῑὶαεόῗῖιςηατα.

492 3746 512 3764 .
711 3739 731 3760 .
928 3739 951 3760 .
1150 3738 1171 3758 .
1232 3744 1243 3755 .
1371 3741 1392 3760 .
1591 3745 1609 3762 .
1709 3688 1966 3760 Pronus
2014 3685 2085 3760 in
2134 3684 2303 3777 iram

484 3786 855 3864 Stultorum
894 3780 994 3858 est
1042 3780 1299 3862 animus
1312 3836 1335 3876 ‚
1387 3783 1584 3858 facile
1626 3783 2080 3871 excandescit,
2130 3782 2210 3857 δι
2259 3782 2459 3857 audet
2703 3883 2771 3957 O

1014 3948 1019 3951 ι
1483 3908 1488 3913 .
2429 3907 2434 3911 .
2770 3907 2869 3958 m·
