3281 4478
430 231 524 308 62
608 315 639 336 ἱ
1132 223 1215 298 H
1307 221 1380 298 Ο
1476 219 1552 300 R
1649 213 1722 299 T
1824 228 1898 302 U
1994 229 2064 303 S.

648 367 661 372 ὰ
1815 367 1856 374 ⁴
2339 397 2344 402 ’
2443 402 2647 474 Szcr.
2706 373 2840 477 Vi.

648 581 776 654 Ubi
816 578 983 668 nulla,
1023 511 1373 675 Justitiaff’
1392 583 1479 654 ibi
1526 581 1722 696 nunus
1773 581 1971 677 pudor.
1985 569 2016 588 ‘²
2575 560 2595 571 “

436 736 781 812 Paullatim
824 736 1072 812 ‚deinde
1123 738 1208 812 ad
1260 741 1550 835 Superos
1601 735 1877 811 Astraea
1929 737 2184 813 receffit
2215 793 2236 828 ‚
2443 817 2448 821 .

437 835 596 908 Hac
646 834 940 925 comite,
988 852 1190 930 atque
1240 834 1411 908 duae
1462 834 1710 932 pariter
1763 833 2000 931 fugere
2056 839 2352 909 Sorores.
2411 832 2536 928 (a)

534 928 668 1028 (a)
712 933 1023 1027 Nempe:
1076 929 1341 1027 Justitia
1401 930 1479 1005 ἃ
1530 931 1878 1004 Pudicitia.
1985 933 2113 1014 Uti
2164 931 2338 1026 apud
2402 931 2633 1027 Heszod.

630 1028 840 1102 vieta
880 1027 1064 1123 jacet
1112 1031 1328 1102 Pietas
1342 1084 1365 1119 ,
1416 1025 1493 1100 ὅ(
1523 1029 1660 1108 Vir
1708 1051 1752 1097 0
1815 1026 2025 1100 *caede
2082 1029 2423 1102 madentes

633 1125 895 1199 Ultima
947 1123 1320 1198 Coelestum
1374 1141 1578 1220 terras
1791 1147 1912 1197 aea
1975 1124 2263 1221 reliquit.

531 1299 625 1386 Et
667 1299 929 1374 Seneca:

578 1455 593 1460 ”
742 1454 1009 1528 Periere
1055 1475 1275 1526 mores
1290 1509 1310 1543 ‚
1351 1453 1499 1551 jus,
1548 1452 1750 1527 decus
1766 1509 1787 1544 ‚
1844 1455 2055 1551 pietas
2070 1510 2093 1545 ,
2143 1455 2306 1529 fides
2322 1510 2344 1545 ‚

735 1552 830 1626 Et
877 1573 1045 1649 quae
1095 1550 1311 1624 redire
1322 1604 1344 1640 ,
1396 1574 1552 1624 cum
1600 1552 1816 1648 perit,
1866 1551 2076 1626 nescit
2116 1553 2351 1647 pudor.
2425 1559 2440 1580 ⁸

925 1812 1019 1885 Et
1062 1746 1765 1927 concidzjt4'Rffloublica4

826 2013 857 2054 -.
1052 2013 1081 2026 -·
1280 2013 1307 2027 -
1503 2014 1533 2027 -
1730 1971 1871 2046 Ubi
1921 1994 2060 2045 non
2109 1970 2207 2044 est
2258 1972 2510 2061 Pudor,

820 2068 983 2140 Ne'c
1027 2090 1188 2140 cura
1238 2067 1454 2160 juris,
1510 2068 1874 2157 Sanffltas,
1924 2070 2176 2159 Pietas,
2232 2070 2462 2166 Fides,

815 2161 1128 2251 Instabile
1171 2184 1454 2258 regnum
1501 2161 1618 2234 est.

1007 2417 1250 2508 Judicis
1288 2350 1656 2514 {bsphrasm

427 2617 457 2632 ·
652 2614 679 2627 -
876 2612 903 2626 -
1041 2611 1053 2618 ·
1102 2610 1129 2624 -
1326 2615 1353 2628 -
1549 2573 1686 2646 Vir
1736 2574 1948 2644 bonus
1996 2570 2093 2644 est
2139 2571 2331 2668 quis?

326 2704 337 2717 ν
424 2669 565 2768 Qui
613 2663 912 2753 consulta
955 2682 1225 2762 patrum
1241 2721 1262 2756 ‚
1307 2667 1420 2764 qui
1466 2668 1646 2763 leges
1689 2668 1970 2763 juraque
2019 2667 2236 2742 servat
2247 2721 2275 2760 ,

425 2766 586 2873 Quo
633 2764 882 2839 multae
924 2786 1343 2861 magnaeque
1386 2764 1689 2839 secantur
1735 2764 1963 2862 judice
2011 2764 2178 2840 lites.

1070 3028 1230 3123 Ejus
1276 2949 1555 3123 fficium.

426 3182 659 3259 Clausa
705 3183 785 3258 fit
829 3208 959 3259 una
1000 3188 1208 3275 auriS,
1260 3183 1355 3258 fit'
1404 3185 1658 3280 Judicis
1707 3186 1911 3271 altera
1958 3204 2237 3286 aperta;

524 3283 724 3354 Haec
771 3301 993 3379 pateat
1033 3283 1260 3378 justis,
1318 3281 1531 3356 clausa
1572 3280 1654 3354 fit
1695 3283 1804 3357 illa
1852 3288 2059 3360 malis.

984 3513 1001 3553 x
1256 3505 1264 3512 '
1295 3469 1354 3536 7⁶
1405 3542 1418 3557 .

950 3588 955 3591 -
1072 3543 1163 3615 Ec
1205 3544 1531 3635 integrttas.

420 3703 642 3776 Exuat
690 3697 968 3772 affestus
999 3751 1020 3786 ‚
1068 3695 1169 3770 δι’
1197 3696 1490 3769 amicum
1537 3710 1780 3791 ponat,
1829 3693 1907 3771 δε
1951 3684 2243 3788 hostem,

516 3795 656 3907 Qui
702 3795 830 3873 rite
878 3794 1174 3873 officium
1221 3793 1386 3890 legis
1430 3792 1620 3868 obire
1664 3794 1868 3867 volet.
