3281 4478
1112 50 1196 188 *Ρ
1293 106 1365 186 R
1461 104 1556 211 ξε,
1656 100 1728 183 F>
1810 103 2052 216 Ass
2151 108 2376 227 ro.

572 314 655 397 bi
715 303 1094 397 vidissent
1171 337 1262 391 ac
1345 304 1764 419 legissent,
1846 305 2105 393 statim
2191 308 2386 391 mihi
2444 312 2816 396 austores
2878 306 2995 395 se'

574 424 1062 535 praebuere,
1122 443 1212 500 ut
1252 421 1549 529 ‘praelo
1609 417 1890 502 eadem
1954 421 2551 505 mandarem&
2613 430 2696 504 in
2741 422 2964 503 usum

580 534 1090 642 popularium
1151 534 1504 640 (quibus
1565 559 1692 613 me
1753 554 2029 611 natum
2090 531 2617 631 sentiebant)
2701 533 2969 641 publi-

581 649 662 749 ci
708 644 911 747 juris
969 641 1346 725 facerem.
1463 648 1918 751 Urgentes:
2785 648 2792 653 ’
2981 647 2988 652 ’

701 760 961 864 Quis,
1024 749 1169 832 nifi
1211 759 1509 836 mentis
1566 759 1853 861 inops,
1912 749 2100 860 i‘pfis
2137 761 2306 858 jam
2345 750 2576 838 dives
2618 750 2714 833 ab
2760 750 2971 834 indis

614 874 621 879 '
816 865 1030 943 Dum
1092 862 1357 958 redit,
1418 862 1797 946 advechs
1854 871 1938 943 in
2002 890 2216 942 mare
2277 868 2534 941 mittit
2593 877 2870 972 opesr,

703 975 1168 1081 Numquid,
1229 974 1682 1080 Erythraeo
1741 997 1935 1077 quas
1972 971 2169 1080 legit
2232 969 2514 1063 littore
2572 973 2974 1067 conchas,

817 1084 1115 1168 Rursus
1172 1082 1622 1192 Erythraeo
1685 1082 1966 1164 littore
2024 1080 2311 1164 condit
2370 1078 2744 1165 Arabs'?.

564 1276 577 1279 ,,
692 1194 1116 1277 Marmora
1189 1190 1636 1300 Lysippus.
1715 1200 2108 1302 vivosque
2191 1201 2588 1272 imitantia
2663 1194 2978 1289 vul-tuS,

727 1347 746 1366 ·
815 1303 1011 1382 Non
1074 1302 1266 1382 tulit
1330 1309 1412 1381 in
1473 1329 1718 1384 caeco
1783 1300 1994 1410 figna
2052 1308 2303 1385 latere
2359 1303 2658 1410 specu..
2731 1400 2736 1405 ,

705 1410 880 1491 Nec
907 1416 1351 1503 Venerem,
1411 1412 1643 1496 Cous
1705 1415 2116 1521 postquam
2182 1412 2533 1494 finxisset
2577 1413 2977 1522 Apelles,

552 1598 555 1601 ,
608 1612 611 1617 ,
823 1519 1089 1606 Paffus
1149 1531 1230 1605 in
1292 1524 1633 1606 obscuro
1694 1522 2096 1605 delituisse
2159 1526 2347 1605 loco
2410 1525 2542 1606 est.

714 1633 1103 1715 Curatum
1165 1642 1472 1717 interea
1554 1641 1899 1744 pretium
1984 1638 2131 1714 tibi
2216 1635 2376 1714 vile
2440 1638 2750 1716 tuarum
2808 1638 2915 1725 est
2955 1699 2976 1732 ,

831 1744 916 1823 Si
979 1766 1060 1826 te
1120 1747 1236 1827 nil
1293 1743 1560 1840 aliud,
1621 1771 1855 1852 quam
1916 1745 2144 1852 iabor
2202 1745 2368 1851 ipse
2415 1745 2664 1849 juvat.

707 1851 954 1936 Hisce
1016 1882 1105 1936 ut
1183 1882 1487 1937 morem
1567 1880 1969 1963 gererem,
2034 1883 2075 1935 a
2137 1882 2260 1935 me
2320 1861 2756 1965 impetrare
2783 1886 2980 1967 :non
3043 1935 3049 1941 .

536 2037 543 2044 .
603 1969 1272 2071 perun-veritus,
1310 1984 1439 2044 ‘ne
1495 1988 1727 2045 extra
1785 1973 2007 2047 meos
2070 1969 2459 2045 terminos
2505 1966 2983 2077 divagariab

601 2072 781 2153 aliis
827 2079 1009 2174 jure
1064 2081 1356 2158 merito
1419 2072 1719 2181 possem
1770 2076 2140 2176 judicari.
2220 2080 2687 2168 Praeterea,

711 2187 815 2263 Et
877 2178 931 2259 ss
994 2190 1173 2289 quis
1215 2204 1589 2292 quaerat,
1652 2208 1790 2262 cur
1835 2186 2026 2267 haec
2076 2185 2431 2291 proferre
2471 2204 2930 2267 moremur?

823 2296 1041 2373 Tura
1079 2304 1424 2398 ‘juvantz
1486 2293 1688 2378 nulli
1729 2289 2129 2376 delituiss'e
2188 2320 2461 2377 nocer.
2751 2393 2754 2394 7
2967 2396 2973 2402 ·

682 2401 911 2484 ‚Non
974 2402 1218 2487 duros
1276 2427 1630 2510 ungues,
1667 2408 2156 2513 ¹morsusque
2196 2430 2572 2488 verentur
2616 2413 2989 2516 iniquos,

831 2513 1019 2600 Subx
1062 2515 1224 2595 lare
1282 2518 1602 2623 privato
1660 2541 1864 2622 quae
1924 2513 2065 2594 fibi
2127 2523 2465 2622 quisque
2530 2542 2781 2599 tenet.

723 2623 887 2705 Hic
932 2625 1125 2705 mihi
1168 2619 1657 2729 sumjudex,
1719 2624 1846 2706 hic
1893 2625 2056 2705 suni
2083 2627 2278 2703 mihi
2326 2628 2626 2720 leniret,
2675 2633 2742 2710 Sc
2778 2656 2986 2710 unus

832 2736 1180 2818 Omnia:
1247 2764 1391 2818 nec
1433 2727 1759 2842 plausu,
1839 2735 1893 2815 fi
1937 2763 2086 2843 qua
2151 2761 2601 2840 merentur,
2659 2762 2928 2847 egent.

719 2845 884 2923 Hic
945 2855 1118 2928 mea
1178 2873 1305 2928 me
1364 2841 1647 2953 pofi‘tis
1706 2844 1897 2924 dum
1960 2846 2294 2950 pascunt
2355 2854 2525 2928 otia
2582 2858 2837 2942 curis,

830 2956 1053 3064 Qud
1114 2956 1352 3068 poffit
1408 2979 1609 3038 voto
1671 2954 1984 3062 plenius
2042 2954 2195 3035 esse
2243 2967 2482 3048 meo?

719 3069 1058 3148 Interim
1122 3095 1219 3148 ex
1263 3091 1700 3149 memorata
1752 3063 2084 3149 Methodo
2133 3069 2506 3147 Carmina
2549 3067 2932 3176 quaedam
2963 3131 2981 3160 ‚

605 3202 755 3256 ceu
842 3179 1118 3261 Flores
1219 3206 1319 3261 ex
1400 3184 1798 3261 variorum
1880 3179 2301 3257 Poetarum
2380 3178 2632 3261 veluti
2732 3188 2982 3284 pratis

601 3285 1114 3369 viridiffimis'
1169 3311 1656 3392 excerptos,
1713 3284 2250 3393 congesseram
2286 3344 2305 3378 ,
2368 3287 2441 3369 ἃ
2501 3294 2580 3365 in
2642 3286 2976 3370 formam

608 3405 1004 3478 minorem
1052 3456 1073 3491 ,
1158 3400 1519 3482 HORTI
1599 3399 2115 3476 VELAVlCl
2201 3405 2523 3475 nomine
2570 3454 2591 3488 ,
2653 3401 2984 3507 redege-

608 3533 820 3589 ram:
882 3535 1083 3616 quae
1141 3532 1229 3587 ur
1303 3515 1384 3586 in
1431 3512 1767 3612 gratiam
1827 3512 2285 3604 juventutis
2342 3505 2649 3588 nostrae
2699 3514 2792 3604 ¹in
2857 3518 2981 3590 lu-

603 3644 775 3698 cem
838 3618 1330 3726 proferrem,
1389 3617 1636 3697 iidem
1676 3616 1798 3695 illi
1841 3618 2123 3696 Amici
2184 3614 2510 3698 tandem
2570 3645 2613 3698 a
2671 3645 2794 3702 me
2839 3627 2988 3702 im-

592 3751 1033 3836 petrarunt.
1133 3732 1358 3835 Qin
1415 3726 1602 3808 sane
2097 3751 2136 3768 ··
2810 3735 2989 3815 Nec
3091 3781 3098 3784 μ
