3281 4478
1003 857 1294 1011 ¹132
1408 891 2312 1030 ]31)10113’

904 1018 921 1061 1

1089 1143 1383 1213 Staruae
1457 1130 1756 1229 Jzastitiae
1836 1131 2258 1234 Epigramma.

424 1123 875 1575 qffip
876 1403 1082 1475 rimus
1130 1419 1396 1471 tenerae
1442 1420 1552 1471 me
1595 1396 1815 1495 pinxit
1863 1400 2153 1496 imagine
2203 1402 2608 1504 Nymphae,

686 1524 815 1574 unc
829 1428 1046 1571 pnullo
1094 1497 1367 1592 ingenio
1419 1494 1495 1569 &
1544 1516 1772 1572 mente
1822 1496 2010 1568 fuiffe
2062 1502 2357 1594 putas‘3

506 1599 711 1672 Vidit
757 1598 924 1687 hic,
973 1597 1331 1668 innocuam
1378 1591 1456 1666 δε
1507 1589 1678 1666 vitio
1729 1593 1971 1667 debere
2020 1615 2372 1669 vacantem

606 1693 933 1791 Justitiam
979 1690 1266 1765 intaERae
1314 1690 1592 1786 virginis
1630 1689 1766 1766 esse
1813 1692 2036 1774 modo,

510 1793 593 1866 N
593 1817 672 1864 ec
725 1789 960 1865 frustra
1008 1788 1171 1866 fecit
1212 1789 1471 1861 vultum
1520 1811 1631 1859 me
1685 1787 1858 1860 ferre
1905 1788 2243 1861 severum·
2224 1843 2246 1879 ‚

608 1890 699 1961 Et
750 1888 957 1960 tacito
1006 1883 1293 1958 moestas
1336 1885 1606 1973 mittere
1657 1889 1739 1958 ab
1791 1904 1908 1958 ore
1954 1888 2202 1959 minas:

476 1988 734 2094 ·Quam
777 1984 955 2056 nulla
1004 1982 1273 2077 objecto
1327 1967 1680 2055 labefieret
1731 2006 2007 2055 munere
2045 1984 2320 2075 dextra,
2423 2003 2428 2008 ’
2515 1999 2520 2006 ’

460 2101 467 2108 ’
606 2085 697 2155 Et
746 2079 983 2190 spoliet
1037 2077 1300 2150 sanetae
1343 2077 1516 2147 flore
1564 2078 1946 2171 pudicitiae.
2014 2113 2019 2119 ·
2425 2075 2428 2082 '

507 2180 779 2255 Scilicet
825 2177 898 2249 in
945 2161 1269 2270 reprobos
1329 2169 1542 2244 venia
1594 2172 1694 2245 est
1741 2198 1890 2246 mea
1939 2177 2147 2265 113113,
2194 2201 2320 2250 nec
2364 2180 2510 2254 ullis

610 2273 951 2349 Blanditiis
996 2294 1278 2344 moveor
1327 2266 1504 2340 flexa
1545 2269 1770 2364 rigore
1818 2293 1991 2340 meo,

508 2377 750 2459 Dona,
799 2393 1067 2464 preces,
1123 2365 1395 2440 blandae
1441 2388 1645 2475 vofes
1659 2419 1686 2456 ,
1734 2365 1880 2437 sunt
1922 2354 2215 2459 pondere
2260 2369 2486 2443 nullo:

605 2469 887 2540 AEterna
928 2462 1210 2534 observo
1253 2461 1523 2555 jusque
1516 2484 1849 2557 plumque
1899 2486 2106 2534 mora.

508 2560 797 2638 Intendo
845 2557 1040 2630 radiis
1082 2555 1449 2627 constantia
1492 2558 1750 2627 lumina
1789 2557 2059 2630 acutis:
2115 2601 2123 2608 «

607 2661 871 2732 O'otutu
922 2670 1176 2726 metuat
1221 2673 1428 2757 gens
1433 2652 1737 2724 malefida
1785 2676 1960 2725 meo.
2304 2724 2311 2733 ,

510 2760 603 2831 Et
650 2753 891 2827 merito
940 2750 1121 2823 nudo
1164 2772 1396 2822 manus
1446 2747 1541 2820 est
1586 2768 1837 2822 armata
1884 2775 2252 2828 mucrone:

610 2856 702 2925 Et
745 2850 930 2922 sonat
971 2847 1231 2943 aequali.
1268 2846 1556 2941 pendula
1600 2846 1774 2921 libra
1803 2848 1993 2944 jug0.
2061 2868 2068 2873 ’

513 2949 701 3025 Ensis
754 2945 1140 3055 pruefidium
1189 2944 1354 3016 mihi
1405 2944 1572 3033 fert,
1619 2968 2036 3041 poenamque
2083 2939 2387 3024 nocenti·

501 3094 512 3102 ·
614 3045 745 3120 Sed
795 3042 961 3116 vitia
1007 3039 1083 3114 &
1130 3041 1349 3113 laudes
1400 3042 1599 3135 exigo
1648 3043 1834 3113 lance
1884 3044 2046 3136 pari.
2181 3100 2196 3111 s

516 3150 702 3220 Pone
742 3140 955 3235 pedes
994 3138 1217 3210 medio
1268 3139 1665 3211 Pelecanum
1715 3138 1811 3212 est
1857 3164 2131 3215 cernere
2173 3144 2388 3237 nido,

618 3244 749 3314 Pro
798 3236 939 3309 vita
989 3234 1227 3308 sobolis
1276 3237 1485 3307 corda
1527 3236 1727 3307 ferire
1772 3235 1932 3308 sua·
1912 3290 1934 3326 ‚

521 3335 781 3412 Discite
831 3333 912 3403 ab
965 3334 1278 3438 exemplo
1324 3333 1479 3419 hoc,
1546 3334 1659 3427 qui
1712 3357 1934 3405 rerum
1957 3333 2172 3407 -frena
2230 3338 2520 3427 tenetis-,2

616 3437 747 3505 Pro
798 3450 910 3499 me
960 3449 1085 3498 nec
1133 3427 1311 3497 vitae
1357 3450 1683 3521 parcere,
1747 3453 2002 3526 proque
2050 3454 2274 3527 grege.

522 3531 679 3604 Hac
728 3548 839 3597 me
879 3520 994 3595 sub
1042 3521 1158 3594 dio
1205 3523 1319 3616 qui
1367 3523 1801 3617 composuere
1864 3527 2174 3598 columna
2201 3583 2236 3616 ,

504 3655 513 3662 ·
621 3626 738 3701 An
786 3619 1071 3696 sinerent
1118 3619 1354 3692 animis
1396 3642 1651 3713 ponere
1699 3621 1869 3694 lecta
1911 3617 2083 3694 suis.
2070 3623 2082 3670 l

2742 3832 2910 3910 Alia.
2989 3868 3004 3873 ·
