3281 4478
531 187 681 266 144
1180 154 1353 248 *H
1448 152 1543 225 o
1612 153 2171 256 ufir-sus

984 251 1035 282 Χ,

2409 295 2416 310 ⁸
2499 317 2747 466 ’.Ι-δεοτ.
2786 343 2923 468 Q.

1172 609 1367 682 Dives
1389 524 1712 730 {bogari-c.

541 773 842 846 Tantum
890 769 1092 842 habet
1126 764 1439 862 imperii,
1491 783 1829 861 tantasque
1878 765 2158 860 pecunia
2205 767 2415 858 vires,

441 919 445 923 »
539 871 642 942 Ut
683 866 802 939 fibi
830 866 938 944 ‘nil
989 858 1246 940 obstate
1297 863 1409 936 diu
1459 862 1781 956 patiatur3
1834 865 1914 934 ab
1966 863 2100 934 alto
2249 864 2254 867 ’

538 963 837 1039 Deducit
885 979 1146 1036 montes
1161 1016 1184 1051 ‚
1235 957 1312 1033 &
1361 961 1562 1031 valles
1606 958 1779 1030 tollit
1826 958 1899 1029 in
1947 960 2172 1031 altum.

1243 1140 1651 1303 Epigr³a⁷bzm
1771 1239 1806 1259 ··

516 1435 519 1438 .
633 1371 933 1475 Quidam
978 1366 1287 1458 superbus
1329 1366 1565 1459 opibus
1610 1363 1689 1437 &
1737 1361 1905 1436 fastu
1958 1380 2257 1453 tamem,

732 1468 1160 1555 Tantumque
1206 1461 1429 1534 verbis
1479 1461 1720 1534 nobilis
1939 1487 1948 1488 ’

628 1561 897 1657 Spernit
945 1557 1234 1651 vigentis
1279 1558 1452 1629 clara
1504 1556 1696 1629 saecli
1740 1558 2014 1629 nomina
2034 1611 2055 1646 ‚

728 1656 1025 1751 Antiqua
1078 1669 1352 1746 captans
1401 1651 1788 1743 stemmata,

628 1755 932 1827 Martem
947 1807 968 1841 ‚
1020 1750 1445 1845 Remumque
1462 1805 1483 1838 ,
1534 1747 1611 1821 ἃ
1664 1748 2082 1826 conditorem
2130 1750 2539 1850 Romulum,

726 1850 984 1921 Primos
1032 1862 1335 1940 parentes
1384 1868 1797 1941 nuncupans·

623 1945 759 2020 His
826 1946 933 2016 ille
983 1944 1216 2024 Serum
1280 1941 1462 2015 veste
1514 1944 1786 2022 contexi
1829 1943 2056 2036 jubet,

726 2042 880 2112 Hos
930 2037 1138 2111 caelat
1187 2056 1464 2131 argento
1519 2041 1751 2133 gravi,
1811 2068 1819 2072 ·

622 2135 811 2206 Ceris
859 2136 1124 2205 inurens
1161 2133 1511 2227 januarum
1555 2135 1818 2224 limina,

725 2232 818 2303 Et
865 2229 1186 2304 atriorum
1236 2248 1567 2324 pegmata.

615 2328 881 2417 Cred0,
925 2325 1101 2422 quod
1150 2326 1243 2398 illi
1289 2348 1416 2398 nec
1465 2344 1654 2422 pater
1698 2326 1860 2400 fuit:
2070 2398 2076 2403 ,

718 2427 811 2494 Et
859 2442 1069 2494 mater
1118 2419 1214 2492 est
1261 2446 1422 2494 vere
1471 2425 1644 2516 lupa.
1913 2430 1916 2433 ’
1950 2427 1954 2431 ’

1044 2673 1214 2745 Raro
1263 2593 1564 2768 1011&ch
1610 2676 1790 2746 dives.

719 2833 893 2904 Cum
941 2852 1062 2903 nos
1111 2830 1386 2903 divitiae
1436 2829 1700 2926 erigunt
1746 2830 2095 2924 superbae-¹,

712 2929 805 3001 Et
854 2926 1117 3001 fortuna
1167 2929 1325 3015 beat
1367 2930 1475 3000 vel
1510 2927 1803 3015 otiosos,
2151 2951 2162 2960 ·

711 3023 1183 3097 Obliviscimur
1234 3023 1426 3117 impii
1479 3026 1818 3112 Deorum,

705 3120 867 3193 Nec
921 3119 1058 3193 sors
1107 3120 1377 3216 adjuvat
1428 3121 1689 3215 indigos
1740 3118 2005 3195 sodales.
2109 3128 2116 3134 ’

705 3217 887 3290 Arae
938 3217 1129 3289 thure
1177 3236 1458 3306 vacant,
1513 3217 1672 3287 foco
1723 3212 1798 3287 &
1847 3211 2143 3299 decenti,

702 3314 865 3386 Nec
918 3330 1199 3383 ventura
1248 3312 1502 3383 animus
1558 3312 1787 3384 videre
1839 3331 2073 3379 caecus

705 3410 1073 3502 Dignatur:
1132 3407 1368 3478 tumidi
1418 3427 1532 3479 aut
1571 3409 1770 3486 maris
1814 3403 2150 3498 procellas.

707 3504 936 3575 Securi
988 3502 1266 3573 nimium
1315 3502 1422 3574 sed
1473 3504 1545 3575 in
1598 3502 1995 3599 profundam
2021 3567 2036 3587 x
2271 3502 2281 3513 '

697 3601 1043 3670 Labuntur
1092 3599 1358 3671 foveam
1377 3655 1397 3686 ,
1451 3623 1812 3695 gravesque
1863 3615 2127 3692 poenas.

688 3695 769 3777 ,Si
817 3694 1084 3770 fortuna
1130 3695 1335 3787 igitur
1382 3695 1568 3770 favet
1619 3692 1935 3782 secunda,

2813 3794 2902 3863 11·
