3281 4478
422 192 517 278 4⁶
882 230 885 234 >
1154 147 2182 252 Honrsus*

2454 357 2658 433 Sacr.
2678 356 2827 431 '1v.

659 579 663 588 ·
726 541 1051 621 Hominum
1110 465 1645 634 diverfizessaeoecies
1659 589 1680 624 ‚
1749 531 1835 618 ἐξ
1889 506 2131 612 νηονωπΔ

432 697 634 771 Mille
683 696 1035 770 hominum
1082 693 1372 790 species,
1425 692 1502 766 ἃ
1548 717 1772 768 rerum
1821 693 2106 769 discolor
2156 696 2334 771 usus:
2467 762 2472 768 .
2595 693 2600 700 ’

436 794 636 867 Velle
685 792 871 865 suum
918 791 1155 887 cuique
1205 788 1301 862 est
1315 822 1345 878 ‚·
1383 813 1510 866 nec
1554 810 1723 865 voto
1773 792 2026 866 vivitur
2077 817 2232 876 uno.
2266 863 2276 890 ÷

432 890 785 964 Mercibus
833 888 948 963 hic
999 889 1184 962 Italis
1228 905 1445 960 mutat
1495 885 1635 976 sub,
1655 882 1791 959 sole
1837 891 2096 962 recenti

430 986 779 1081 Rugosum
823 986 1056 1080 piper,
1099 983 1176 1072 c&
1217 982 1520 1080 pallentis
1553 1004 1780 1077 grana
1823 982 2096 1063 cumini.

309 1076 313 1082 ’
413 1083 577 1159 ¹Hic
617 1083 827 1171 satur,
872 1083 1123 1177 irriguo
1167 1079 1421 1151 mavult
1472 1075 1847 1173 turgescere
1894 1077 2166 1156 somno:
2269 1081 2278 1156 Ῐ

429 1180 574 1252 Hic
626 1203 866 1273 campo
914 1178 1246 1271 indulget,
1297 1174 1475 1245 hunc
1526 1174 1668 1246 alea
1707 1175 2054 1274 decoquit:
2103 1173 2242 1250 ille‘

430 1278 515 1350 In
560 1276 904 1347 Venerem
956 1289 1213 1368 putret:
1263 1268 1375 1341 sed
1418 1293 1574 1341 cum
1623 1270 1913 1367 lapidosa
1961 1272 2299 1370 chiragra

437 1374 494 1442 F
494 1370 742 1466 regerit
783 1370 1093 1443 articulos
1136 1366 1381 1441 veteris
1426 1367 1698 1441 ramalia
1749 1369 1887 1467 fagi
1904 1428 1924 1461 ,
2021 1371 2062 1420 3
2205 1371 2208 1376 ⁴

433 1468 640 1538 Tunc
692 1466 931 1539 craffos
975 1462 1262 1540 tranfiffe
1303 1463 1443 1537 dies
1459 1519 1480 1553 ‚
1525 1466 1875 1565 lucemque
1915 1465 2306 1564 palustrem,

429 1564 523 1635 Et
569 1561 688 1636 fibi
728 1562 872 1658 jam
919 1561 1045 1636 seri
1096 1562 1306 1637 vitam
1353 1562 1741 1657 ingemuere
1818 1563 2136 1638 relictam..

322 1831 327 1836 ·
427 1790 664 1866 Sensus
712 1811 1042 1886 quemque
1091 1788 1275 1880 suus3
1321 1790 1494 1864 ratio
1544 1790 1658 1862 sua
1702 1814 2034 1888 quemque
2073 1785 2432 1887 gubernat:
2512 1839 2526 1870 κ

527 1887 729 1960 Velle
779 1885 963 1958 suum
1014 1887 1253 1983 cuique
1302 1886 1436 1977 est,
1482 1886 1559 1961 &
1604 1886 1715 1959 sua
1762 1889 1999 1985 cuique
2047 1888 2231 1962 fides,

378 2059 387 2065 μ
429 1986 632 2060 Velle
676 1983 861 2055 suum
909 1983 1145 2076 cuique
1195 1983 1328 2071 est3
1379 1985 1659 2056 fratrum
1707 1984 1871 2056 hinc
1923 1985 2277 2063 discordia:
2334 2008 2405 2062 ut
2447 1988 2616 2062 inter

525 2085 784 2153 Fratres
830 2077 1224 2166 conveniat,
1276 2078 1370 2149 nil
1410 2078 1531 2149 nifi
1574 2078 1764 2151 velle·
1782 2081 1983 2154 deest.
2709 2101 2715 2114 ·

880 2282 887 2283 γ
947 2324 1041 2412 Et
1070 2251 1576 2436 'diverss'studiffi
1683 2402 1698 2407 ,

423 2498 581 2570 Una
622 2495 975 2570 hominum
1012 2493 1359 2583 ratio-est,
1401 2513 1599 2588 atque
1646 2514 1889 2580 unum,
1934 2494 2226 2567 maxime
2277 2499 2371 2572 Ca
2383 2496 2493 2573 stri
2509 2555 2536 2593 ,

422 2592 781 2687 Consilium
795 2645 823 2682 ,
864 2608 940 2663 ut
982 2585 1315 2685 praestent
1355 2590 1495 2662 aliis
1508 2644 1536 2681 ,
1577 2590 1942 2687 vivantque
1992 2592 2186 2666 beati.
2243 2670 2254 2679 ‚.

418 2688 595 2763 Non
637 2709 861 2762 tamen
901 2688 1081 2763 hunc
1123 2685 1370 2778 finem„
1412 2688 1714 2784 quamvis
1755 2684 1971 2761 studio
2015 2710 2284 2787 appetat
2326 2696 2549 2785 omni,

417 2786 737 2959 guisque
765 2786 879 2860 via
918 2785 1102 2859 vitae
1141 2781 1762 2881 spatium‘decurrit
1805 2784 2057 2878 eadem.
2503 2854 2513 2863 .

503 2906 634 2957 unc
676 2883 785 2954 vel
826 2881 1032 2975 laudis
1072 2904 1262 2953 amor
1301 2881 1542 2971 ducit‚‘
1566 2885 1676 2956 vel
1719 2882 2027 2978 splendor
2069 2883 2403 2959 honorum
2439 2898 2478 2966 ,’
2620 2875 2632 2887 ’
2687 2884 2692 2891 ’
2825 2882 2832 2893 ’

418 2978 837 3056 Ambitionis*
873 2978 957 3053 ad
1000 2979 1376 3065 illecebram
1391 3035 1414 3069 ,
1456 2977 1533 3052 ἃ
1572 2978 1686 3074 spe
1725 2980 1940 3052 divite
1978 2979 2203 3054 donat.

415 3079 616 3151 illum
658 3076 799 3148 auri
841 3074 1152 3148 damnosa
1193 3075 1439 3166 fames,
1480 3073 1557 3150 ἃ
1597 3077 1795 3172 copia
1835 3079 2059 3150 reruni

416 3173 808 3261 Sollicitat‚-
840 3172 960 3246 fibi
1003 3184 1323 3246 curarum
1353 3175 1514 3247 dum
1553 3176 1793 3267 pabula
1833 3174 2079 3262 nutrit,
2173 3222 2180 3227 -

414 3272 510 3342 Et
547 3268 806 3364 quaerit
845 3293 1001 3364 quas
1046 3270 1292 3342 condat
1336 3292 1498 3364 opes
1511 3321 1539 3358 ,
1588 3292 1727 3341 non
1769 3288 2072 3347 conterat
2115 3271 2250 3343 usu.

417 3365 700 3439 Deliciis
744 3368 988 3438 multos
1030 3366 1228 3437 etiam
1245 3417 1273 3454 ,
1318 3363 1395 3436 ὅ(
1447 3365 1796 3438 dulcedine
1843 3364 2058 3438 sensus

415 3464 665 3536 Blanda
702 3461 965 3534 homini
1004 3463 1192 3533 Siren
1237 3460 1404 3532 fallit
1447 3459 1702 3539 vitiosa,
1729 3463 2053 3555 voluptas.
2301 3526 2306 3531 ,

278 3620 287 3627 .
409 3558 613 3632 Haec
651 3557 1000 3631 stultorum
1041 3557 1287 3651 ignava
1328 3554 1603 3648 cohow,
1653 3555 1729 3631 <Sc
1773 3558 1989 3631 nescia
2030 3557 2195 3633 retu
2341 3648 2348 3653 μ

408 3658 494 3728 In
536 3655 700 3728 vitia
740 3652 1055 3741 incurrit,
1099 3651 1409 3748 vanisque
1452 3653 1735 3728 eluditur
1777 3653 2042 3728 umbris.
2137 3670 2140 3671 *
2271 3660 2274 3667 '

404 3753 602 3830 Irrita
644 3752 804 3826 dum
844 3765 1073 3844 captat
1104 3747 1284 3827 vitae
1323 3748 1664 3826 simulacra
1703 3752 1957 3828 beatae·
