3281 4478
422 235 617 318 ,36
871 195 875 206 ’
1246 184 2161 299 ‘Honrus

636 371 673 388 A
1506 389 1513 392 ⁷⁷
2469 410 2673 481 szcr.
2726 410 2895 484 VH.

520 505 807 581 Clinicus
854 503 994 599 ipse
1034 522 1254 577 autem
1272 559 1293 593 ,
1343 503 1455 600 qui
1504 523 1684 588 nunc
1739 489 2056 595 Phylicus
2102 522 2360 602 quoque
2408 502 2652 595 fertur,
2923 495 2936 509 ’

412 607 427 610 ’
516 608 705 679 Dum
755 602 993 674 lotium·
1036 602 1267 675 infelix
1317 600 1649 695 spectanS,
1704 596 1859 672 inde
1909 597 2137 670 omnia
2184 618 2442 694 captat,
2491 665 2497 671 .
2545 647 2560 652 a

516 704 707 775 Dum
757 718 968 774 tentat
1015 697 1271 792 pulsum
1321 719 1565 783 venae,
1618 695 1777 767 dum
1828 693 2115 769 stercora
2163 696 2415 788 versat,

354 866 358 872 .
422 878 429 884 f
506 795 788 869 *Fallitur
836 795 911 867 <Sc
954 797 1149 867 fallit:
1199 793 1307 866 sed
1358 818 1496 866 non
1544 792 1937 867 discriminis
1984 817 2190 888 aequa

488 893 868 966 ·Conditio:
917 891 1026 963 ille
1074 890 1268 963 miser
1317 893 1631 978 moritur,
1686 890 2071 985 causamque
2118 890 2399 963 canendi

515 989 871 1085 Linigeris¹
896 988 1048 1060 rasis
1095 991 1400 1082 praebet,
1454 988 1782 1077 calvisque
1832 986 2141 1058 cucullis:
2419 1001 2430 1005 ’

514 1087 660 1160 Hic
711 1086 871 1157 alius
919 1103 1151 1157 contra
1181 1135 1208 1170 ,
1258 1081 1517 1168 sceleris
1569 1078 1882 1151 mercede
1928 1099 2196 1176 recepta
2211 1093 2239 1171 ‚'

515 1180 826 1255 Causatur
857 1184 1183 1274 Superos,
1236 1199 1314 1247 ac
1357 1173 1512 1246 fatis
1564 1174 1853 1270 imputat
1902 1174 2052 1269 ipsis

510 1279 583 1350 Si
632 1278 774 1372 quis
826 1277 1004 1363 obit,
1056 1275 1390 1366 laetusque
1437 1271 1673 1364 implet
1721 1273 1935 1348 multo
1984 1296 2136 1343 aere
2173 1298 2591 1370 crumenam.

509 1375 655 1447 Hei
703 1371 906 1444 mihi!
964 1388 1138 1464 pene
1184 1389 1415 1439 omnes
1467 1366 1658 1458 casu,
1706 1391 1845 1440 non
1900 1388 2042 1442 arte
2089 1372 2470 1445 medentur:
2681 1379 2686 1386 '

511 1468 782 1571 Quippe
832 1466 1111 1561 aliquam
1162 1465 1560 1561 quicumque
1605 1484 1818 1537 artem
1868 1469 2039 1540 bene
2087 1467 2319 1558 novit,
2369 1471 2631 1568 agendo

504 1566 650 1637 Aut
696 1586 1089 1658 numquam,
1142 1580 1255 1633 aut
1305 1560 1532 1640 saltem
1577 1586 1728 1635 raro
1776 1563 2121 1657 peccabit:
2165 1583 2233 1635 at
2282 1562 2422 1654 isti,

456 1713 464 1722 -
501 1662 629 1744 De,
670 1660 903 1755 quibus
950 1658 1046 1731 est
1088 1659 1345 1751 serm0,
1395 1658 1481 1731 de
1524 1678 1797 1732 centum
1848 1660 1970 1732 vix
2019 1659 2146 1736 erit
2191 1684 2391 1750 unus,
2471 1661 2474 1664 ’

507 1757 729 1859 Quem
781 1757 1004 1829 sanare
1050 1775 1334 1852 queant,
1371 1781 1583 1851 *quem
1631 1780 1769 1828 non
1820 1755 2085 1828 fortaffe
2130 1758 2500 1850 trucident,

502 1854 988 1949 carnificesque
1038 1853 1389 1926 hominum
1434 1853 1552 1930 sub
1598 1852 1879 1939 honesto
1928 1853 2203 1930 nomine
2251 1854 2442 1930 fiunt.
2470 1853 2486 1860 “

670 2116 1036 2196 Medicorum
1079 2114 1363 2185 Habilitas
1373 2049 1483 2183 5522}
1516 2117 1946 2208 Imperantium
1986 2139 2190 2187 curam
2230 2115 2505 2208 rqfertur.

497 2271 649 2344 Vos
666 2323 693 2361 ,
741 2273 972 2366 quibus
1023 2271 1377 2366 imperium
1409 2268 1540 2360 est,
1593 2270 1708 2365 qui
1756 2270 1990 2342 mundi
2030 2271 2221 2349 fiena
2263 2273 2551 2363 tenetis,

490 2366 613 2441 Ne
664 2386 922 2440 tantum
969 2370 1245 2440 tolerate
1295 2367 1513 2456 nefaS,
1566 2367 1743 2440 hanc
1795 2366 2011 2438 tollite
2060 2367 2348 2462 pestem:

494 2462 830 2532 Consulite
873 2464 1167 2534 humano
1217 2466 1488 2558 generi,
1535 2482 1698 2556 quot
1745 2463 1947 2537 nocte
1997 2464 2236 2559 dieque

489 2557 764 2627 Horum
816 2555 1206 2626 carnificum
1256 2560 1450 2648 culpa
1500 2559 1852 2627 mittuntur
1902 2559 1984 2628 ad
2037 2560 2322 2629 orcum?

492 2653 630 2726 Vel
682 2650 977 2746 perfecte
1026 2668 1237 2723 artem
1287 2649 1574 2740 discant,
1627 2652 1737 2723 vel
1786 2673 1927 2723 non
1976 2653 2385 2725 medeantur.

492 2749 682 2821 Nam
728 2748 776 2819 s1
826 2747 990 2820 aliae
1042 2750 1325 2842 peccant
1373 2766 1580 2836 artes,
1625 2747 1963 2837 tolerabile
2005 2768 2197 2822 certe
2245 2749 2400 2824 estz-

486 2846 684 2918 Haec
737 2868 901 2917 vero
949 2844 1067 2917 nis1
1121 2844 1199 2919 fit
1248 2842 1576 2940 perfesta,
1633 2842 1731 2915 est
1778 2846 1974 2939 plena
2015 2846 2290 2939 pericli,
2451 2917 2461 2926 ,

483 2943 577 3012 Et
626 2940 874 3032 saevit,
924 2962 1234 3038 tanquam
1285 2943 1565 3033 occ-ulta·
1590 2960 1789 3036 atque
1836 2941 2197 3014 domestica
2242 2944 2462 3039 pestis.
2527 2940 2554 2950 ’

482 3038 656 3111 Non
705 3040 987 3115 multum
1038 3037 1134 3111 est
1182 3039 1386 3134 igitur
1430 3056 1652 3110 tutum
1703 3039 1805 3110 his
1845 3039 2281 3113 ¹contn‘nitoere
2325 3041 2501 3133 sese,

484 3134 791 3236 Quorum
834 3135 1133 3222 dofftrina
1185 3137 1313 3222 est,
1362 3134 1649 3229 pretiosa
1700 3136 1771 3208 in
1818 3135 2004 3208 veste
2057 3136 2313 3228 videri,

474 3233 973 3327 ⁴Gemmatoque
1022 3257 1181 3305 auro
1233 3232 1480 3326 digitos
1527 3256 1768 3306 ornare
1822 3232 2155 3308 cinaedos.

1088 3506 1322 3576 Medici
1352 3439 1488 3579 {52³5
1517 3507 1745 3603 facies.

477 3667 653 3738 Tres
702 3657 994 3732 medicus
1042 3658 1243 3763 facies
1294 3664 1525 3738 habet:
1585 3690 1820 3754 unam,
1872 3663 2134 3765 quaudo
2173 3686 2488 3762 suffitur,

406 3797 431 3803 -
550 3758 958 3917 ,Aqgelssffi
975 3786 1005 3845 5
1048 3776 1221 3839 ’mox
1260 3756 1403 3850 est,
1450 3785 1611 3839 cum
1660 3764 1857 3857 juvat
1897 3763 2050 3850 ine,
2099 3764 2319 3845 neam
2727 3838 2854 3932 Ast
2919 3776 2924 3779 ’
