3281 4478
449 160 753 308 58⁶
1177 209 2088 290 Honrus

1620 433 1631 436 ’
1903 493 1911 501 .
2487 415 2691 494 Ster-
2744 420 2843 498 V.

733 501 909 577 Non
951 502 1132 595 enim
1173 524 1410 598 gazae,
1456 525 1502 574 n
1586 522 1672 574 ue
1715 501 2086 590 Consularis
2580 527 2590 536 ·

737 604 1136 686 Summovet
1173 599 1407 672 LiEtor
1450 597 1541 669 m‘
1575 620 1725 670 eros
1770 600 2088 676 tumultus

732 696 1033 786 Mentis,
1083 695 1162 771 ἀ
1203 719 1389 768 curas
1433 695 1732 791 laqueata
1772 695 2030 769 circum

664 801 667 808 ’
833 792 1057 866 Tecta
1113 792 1440 866 volanteis
1452 844 1480 883 ,

734 888 864 961 Sed
907 908 1104 986 auget
1119 945 1142 978 ,
1187 890 1500 962 cumulat.

730 985 1008 1060 Scandit
1049 1005 1299 1062 aeratas
1343 983 1581 1061 vitiosa
1623 984 1853 1057 naveis

738 1083 931 1155 Cura.

988 1342 1141 1412 Vita
1156 1389 1161 1394 ·
1173 1273 1418 1435 privssb
1447 1335 1731 1437 ficut-iot.

450 1516 761 1605 Scilicet,
835 1537 875 1585 e
924 1510 1180 1585 summo
1229 1513 1406 1609 quafi
1454 1513 1708 1590 fulmen
1736 1516 1991 1613 -dejicit
2027 1517 2221 1595 ictos

433 1612 697 1686 Invidia
740 1609 1074 1683 interdum
1125 1612 1523 1685 contemtim
1573 1612 1648 1684 in
1698 1631 1939 1688 tartara
1988 1633 2160 1690 terra
2175 1642 2200 1691 ε

436 1711 538 1786 Ut
582 1708 777 1782 satius
819 1708 1034 1779 multo
1073 1707 1217 1802 jam
1264 1707 1346 1780 fit
1394 1731 1626 1803 parere
1673 1712 2008 1806 quietum,

435 1807 657 1909 Quam
706 1827 938 1902 regere
984 1803 1271 1900 imperio
1319 1828 1430 1879 res
1487 1807 1660 1881 velle
1674 1862 1696 1899 ‚
1745 1807 1822 1882 ὅ(
1867 1808 2124 1906 sceptra
2167 1829 2419 1888 tenere.
2459 1797 2462 1801 Α

1234 1996 1401 2068 Nam
1425 2017 1450 2066 .·

725 2166 997 2262 Saepius
1046 2163 1267 2237 ventis
1316 2164 1605 2262 agitatur
1649 2166 1884 2259 ingens

718 2263 920 2336 Pinus
952 2287 970 2335 ε
1035 2259 1113 2334 ἃ
1159 2259 1366 2333 celsae
1412 2262 1724 2357 graviore
1774 2262 1923 2335 casti

716 2359 1062 2433 Decidunt
1112 2375 1321 2433 turres
1347 2413 1368 2447 ‚
1428 2357 1804 2454 feriuntque.
1849 2357 2142 2454 summus

909 2454 1213 2527 Fulmina
1259 2473 1543 2528 montes.

918 2727 1085 2823 Ergo
1122 2660 1384 2801 mg}
1395 2753 1505 2803 non
1542 2730 1801 2826 optandi*

424 2902 673 2978 Omnia
715 2899 1151 2999 praecipitem
1200 2900 1564 2976 formidant
1603 2902 1806 2976 ardua
1848 2900 2071 2989 casum
2083 2958 2122 2998 ,

514 3002 607 3072 Et
648 2997 907 3092 magnis
947 2998 1203 3095 semper
1240 2999 1344 3072 vis
1386 3000 1597 3083 aliena
1654 3017 1882 3072 nocet.

418 3097 690 3191 Saepius
731 3096 861 3167 alta
908 3095 1041 3168 ruit
1081 3112 1438 3171 ventorum
1483 3095 1746 3171 flatibus
1794 3099 2027 3187 arb0r3

518 3195 702 3265 Tuta
743 3191 1005 3265 humilis
1045 3211 1337 3290 myrtus,
1388 3213 1530 3268 tuta
1569 3195 1824 3292 myrica
1865 3215 2123 3270 manet.

413 3290 648 3389 Aerias
691 3289 899 3383 Alpes
938 3289 1228 3362 nivibus'
1246 3290 1636 3363 candescere
1664 3288 1953 3379 scimus„

511 3390 565 3459 F
568 3384 1023 3481 rigoribusque
1063 3386 1277 3478 premi
1300 3408 1333 3475 ,·’
1377 3406 1702 3484 perpetuo
1749 3412 1830 3459 ue
1867 3388 2052 3482 gelu:
2085 3405 2090 3409 ’
2137 3471 2142 3476 .
2225 3419 2235 3428 ·

411 3486 557 3559 Illic
597 3481 673 3573 ὃς
714 3482 923 3552 rabies
965 3500 1322 3559 ventorum
1365 3483 1649 3576 plurima
1716 3484 1934 3572 elevit,-

509 3577 946 3670 Temperiem
989 3594 1246 3673 gratam
1336 3579 1595 3652 roxima
1640 3582 1827 3653 vallis
1868 3580 2098 3652 habet..

407 3678 521 3751 Sic
561 3673 753 3748 vobis
792 3695 1149 3768 numquam
1193 3672 1279 3745 de
1306 3693 1426 3747 unt
1467 3675 1736 3749 adversa
1749 3705 1800 3768 ,’
1826 3677 2136 3750 Potentes
2148 3730 2184 3768 ,.

499 3773 644 3851 Aut
689 3767 784 3845 est
824 3793 957 3866 pax
1004 3770 1194 3845 vobis
1239 3770 1404 3864 ulla,
1450 3794 1577 3846 nec
1620 3774 1748 3846 ulla
1788 3771 1989 3869 quies.
